@inproceedings{Dosovitskiy2021,
  title     = {An Image is Worth 16x16 Words: Transformers for Image Recognition at Scale},
  author    = {Dosovitskiy, Alexey and Beyer, Lucas and Kolesnikov, Alexander and Weissenborn, Dirk and Houlsby, Neil and *et al.*},
  booktitle = {Proc. of the International Conference on Learning Representations (ICLR)},
  year      = {2021},
  doi       = {10.48550/arXiv.2010.11929}
}

@article{Liu2024,
  title   = {Multi-feature Vision Transformer for Automatic Defect Detection and Quantification in Composites Using Thermography},
  author  = {Liu, Jinkang and Long, X. Y. and Jiang, Chao and Liao, Wangwang},
  journal = {NDT \& E International},
  volume  = {143},
  pages   = {103033},
  year    = {2024},
  doi     = {10.1016/j.ndteint.2023.103033}
}

@article{Li2024,
  title   = {Classification and Application of Deep Learning in Construction Engineering and Management â€“ A Systematic Literature Review and Future Innovations},
  author  = {Li, Qingze and Yang, Yang and Yao, Gang and Wei, Fujia and Li, Rui and Zhu, Mingtao and Hou, Huiwen},
  journal = {Case Studies in Construction Materials},
  volume  = {21},
  pages   = {e04051},
  year    = {2024},
  doi     = {10.1016/j.cscm.2024.e04051}
}

@article{Zheng2021,
  title   = {A Deep Convolutional Neural Network-Based Multi-Class Image Classification for Automatic Wafer Map Failure Recognition in Semiconductor Manufacturing},
  author  = {Zheng, Huilin and Sherazi, Syed W. A. and Son, Sang H. and Lee, Jong Y.},
  journal = {Applied Sciences},
  volume  = {11},
  number  = {20},
  pages   = {9769},
  year    = {2021},
  doi     = {10.3390/app11209769}
}

@inproceedings{Staecker2021,
  title     = {Deployment of Deep Neural Networks for Object Detection on Edge AI Devices with Runtime Optimization},
  author    = {St{\"a}cker, Lukas and Fei, Juncong and Heidenreich, Philipp and Bonarens, Frank and Rambach, Jason and Stricker, Didier and Stiller, Christoph},
  booktitle = {Proc. of the IEEE/CVF International Conference on Computer Vision Workshops (ICCVW)},
  year      = {2021},
  doi       = {10.1109/ICCVW54120.2021.00118}
}

@inproceedings{Jacob2018,
  title     = {Quantization and Training of Neural Networks for Efficient Integer-Arithmetic-Only Inference},
  author    = {Jacob, Benoit and Kligys, Skirmantas and Chen, Bo and Zhu, Menglong and Tang, Matthew and Howard, Andrew G. and Adam, Hartwig and Kalenichenko, Dmitry},
  booktitle = {Proc. of the IEEE Conference on Computer Vision and Pattern Recognition (CVPR)},
  pages     = {2704--2713},
  year      = {2018},
  doi       = {10.1109/CVPR.2018.00286}
}

@article{Selvaraju2020,
  title   = {Grad-CAM: Visual Explanations from Deep Networks via Gradient-Based Localization},
  author  = {Selvaraju, Ramprasaath R. and Cogswell, Michael and Das, Abhishek and Vedantam, Ramakrishna and Parikh, Devi and Batra, Dhruv},
  journal = {International Journal of Computer Vision},
  volume  = {128},
  number  = {2},
  pages   = {336--359},
  year    = {2020},
  doi     = {10.1007/s11263-019-01228-7}
}

@inproceedings{Chattopadhyay2018,
  title     = {Grad-CAM++: Generalized Gradient-Based Visual Explanations for Deep Convolutional Networks},
  author    = {Chattopadhyay, Aditya and Sarkar, Anirban and Howlader, Prantik and Balasubramanian, Vineeth N.},
  booktitle = {Proc. of the IEEE Winter Conference on Applications of Computer Vision (WACV)},
  pages     = {839--847},
  year      = {2018},
  doi       = {10.1109/WACV.2018.00097}
}

@article{Schmid2025,
  title   = {Correction of Emissivity in Thermograms with Neural Networks},
  author  = {Schmid, Simon and Seitz, Lukas and Men\'{e}ndez Orellana, Ana E. and Grosse, Christian},
  journal = {Quantitative InfraRed Thermography Journal},
  year    = {2025},
  doi     = {10.1080/17686733.2025.2479949}
}

@article{Li2023,
  title   = {Emissivity Correction and Thermal Pattern Reconstruction in Eddy Current Pulsed Thermography},
  author  = {Li, Kongjing and Tian, Gui Yun and Ahmed, Junaid},
  journal = {Sensors},
  volume  = {23},
  number  = {5},
  pages   = {2646},
  year    = {2023},
  doi     = {10.3390/s23052646}
}
